<record><leader>00000cas a22000007a 4500</leader><controlfield tag="001">14557717</controlfield><controlfield tag="008">861028d19481949inuwr ne      0    0eng d</controlfield><datafield ind1=" " ind2=" " tag="010"><subfield code="a">sn 86058812 </subfield></datafield><datafield ind1=" " ind2=" " tag="040"><subfield code="a">NPI</subfield><subfield code="b">eng</subfield><subfield code="c">NPI</subfield><subfield code="d">OCLCQ</subfield></datafield><datafield ind1=" " ind2=" " tag="042"><subfield code="a">msc</subfield></datafield><datafield ind1="0" ind2=" " tag="130"><subfield code="a">Sunday herald (Princeton, Ind.)</subfield></datafield><datafield ind1="1" ind2="4" tag="245"><subfield code="a">The Sunday herald.</subfield></datafield><datafield ind1=" " ind2=" " tag="260"><subfield code="a">Princeton, Ind. :</subfield><subfield code="b">Princeton Pub. Co.,</subfield><subfield code="c">1948-1949.</subfield></datafield><datafield ind1=" " ind2=" " tag="300"><subfield code="a">v. :</subfield><subfield code="b">ill. ;</subfield><subfield code="c">43-59 cm.</subfield></datafield><datafield ind1=" " ind2=" " tag="310"><subfield code="a">Weekly</subfield></datafield><datafield ind1="0" ind2=" " tag="362"><subfield code="a">Vol. 9, no. 17 (Sept. 26, 1948)-v. 9, no. 32 (Jan. 16, 1949).</subfield></datafield><datafield ind1=" " ind2=" " tag="752"><subfield code="a">United States</subfield><subfield code="b">Indiana</subfield><subfield code="c">Gibson</subfield><subfield code="d">Princeton.</subfield></datafield><datafield ind1="0" ind2="0" tag="780"><subfield code="t">Gibson herald</subfield><subfield code="w">(DLC)sn 90099384</subfield></datafield><datafield ind1="0" ind2="5" tag="785"><subfield code="t">Princeton clarion-news</subfield><subfield code="w">(DLC)sn 86058863</subfield></datafield><datafield ind1="0" ind2="5" tag="785"><subfield code="t">Princeton daily Democrat</subfield><subfield code="w">(DLC)sn 85047593</subfield></datafield></record>